<record><leader>00000cas a22000007a 4500</leader><controlfield tag="001">10860697</controlfield><controlfield tag="008">840619d18301832mauwr ne      0    0eng d</controlfield><controlfield tag="009">3768</controlfield><datafield ind1=" " ind2=" " tag="010"><subfield code="a">sn 84023412 </subfield></datafield><datafield ind1=" " ind2=" " tag="040"><subfield code="a">NPX</subfield><subfield code="b">eng</subfield><subfield code="c">NPX</subfield><subfield code="d">DLC</subfield><subfield code="d">MGN</subfield><subfield code="d">CNK</subfield><subfield code="d">OCLCG</subfield></datafield><datafield ind1="1" ind2=" " tag="029"><subfield code="a">AU@</subfield><subfield code="b">000025823699</subfield></datafield><datafield ind1=" " ind2=" " tag="042"><subfield code="a">msc</subfield></datafield><datafield ind1="0" ind2="0" tag="050"><subfield code="a">Newspaper 8160-X</subfield></datafield><datafield ind1="0" ind2="0" tag="245"><subfield code="a">Massachusetts journal and tribune.</subfield></datafield><datafield ind1=" " ind2=" " tag="260"><subfield code="a">Boston [Mass.] :</subfield><subfield code="b">Carter &amp; Hendee,</subfield><subfield code="c">1830-</subfield></datafield><datafield ind1=" " ind2=" " tag="300"><subfield code="a">v. ;</subfield><subfield code="c">55 cm.</subfield></datafield><datafield ind1=" " ind2=" " tag="310"><subfield code="a">Weekly</subfield></datafield><datafield ind1="0" ind2=" " tag="362"><subfield code="a">Vol. 5, no. 1 (Aug. 28, 1830)-</subfield></datafield><datafield ind1="1" ind2=" " tag="362"><subfield code="a">Ceased Feb. 25, 1832?</subfield></datafield><datafield ind1=" " ind2=" " tag="500"><subfield code="a">Editor: D.L. Child.</subfield></datafield><datafield ind1="1" ind2=" " tag="700"><subfield code="a">Child, David Lee,</subfield><subfield code="d">1794-1874.</subfield></datafield><datafield ind1=" " ind2=" " tag="752"><subfield code="a">United States</subfield><subfield code="b">Massachusetts</subfield><subfield code="c">Suffolk</subfield><subfield code="d">Boston.</subfield></datafield><datafield ind1="0" ind2="4" tag="780"><subfield code="t">Massachusetts journal (Boston, Mass. : 1830)</subfield><subfield code="w">(DLC)sn 84023410</subfield></datafield><datafield ind1="0" ind2="4" tag="780"><subfield code="t">Tribune (Boston, Mass. : 1830)</subfield><subfield code="w">(DLC)sn 84023411</subfield></datafield><datafield ind1="0" ind2="7" tag="785"><subfield code="t">Boston weekly messenger (Boston, Mass. : 1815)</subfield><subfield code="w">(DLC)sn 83021309</subfield></datafield><datafield ind1="0" ind2="7" tag="785"><subfield code="t">Boston weekly messenger and Massachusetts journal</subfield><subfield code="w">(DLC)sn 83021310</subfield></datafield></record>